@article{rapport,
        title = { Rapport de projet FPGA  },
	author={M.Ayrault}
}
